@book{legendre2012numerical,
  title={Numerical ecology},
  author={Legendre, Pierre and Legendre, Loic FJ},
  year={2012},
  publisher={Amsterdam, Netherlands: Elsevier}
}
@Manual{VGAM19,
    title = {{VGAM}: Vector Generalized Linear and Additive Models},
    author = {Thomas W. Yee},
    year = {2019},
    note = {R package version 1.1-1},
    url = {https://CRAN.R-project.org/package=VGAM},
  }
  ##